<?xml version="1.0" encoding="UTF-8"?>
<OAI-PMH xmlns="http://www.openarchives.org/OAI/2.0/" xmlns:xsi="http://www.w3.org/2001/XMLSchema-instance" xsi:schemaLocation="http://www.openarchives.org/OAI/2.0/ http://www.openarchives.org/OAI/2.0/OAI-PMH.xsd">
<ListRecords>
<record>
<header status="updated">
<identifier>urm_publish:71276601570002121</identifier>
</header>
<metadata>
<record xmlns="http://www.loc.gov/MARC21/slim" xmlns:xsi="http://www.w3.org/2001/XMLSchema-instance" xsi:schemaLocation="http://www.loc.gov/MARC21/slim http://www.loc.gov/standards/marcxml/schema/MARC21slim.xsd" ><leader>01044cam a2200325 i 4500</leader><controlfield tag="005">20081010134019.0</controlfield><controlfield tag="008">770810t19751975ru a     b    00010 eng  </controlfield><controlfield tag="001">999494587902121</controlfield><datafield tag="010" ind1=" " ind2=" "><subfield code="a">   77474790 </subfield></datafield><datafield tag="015" ind1=" " ind2=" "><subfield code="a">USSR***</subfield></datafield><datafield tag="035" ind1=" " ind2=" "><subfield code="a">(OCoLC)03239430</subfield></datafield><datafield tag="035" ind1=" " ind2=" "><subfield code="9">ABF3739UW</subfield></datafield><datafield tag="035" ind1=" " ind2=" "><subfield code="a">(WU)285251-uwmadisondb</subfield></datafield><datafield tag="040" ind1=" " ind2=" "><subfield code="a">DLC</subfield><subfield code="b">eng</subfield><subfield code="c">DLC</subfield><subfield code="d">GZN</subfield></datafield><datafield tag="043" ind1=" " ind2=" "><subfield code="a">n-ur-ru</subfield></datafield><datafield tag="050" ind1="0" ind2=" "><subfield code="a">N6997.P4</subfield><subfield code="b">M37</subfield></datafield><datafield tag="100" ind1="1" ind2=" "><subfield code="a">Maslenit︠s︡yn, S. I.</subfield><subfield code="q">(Stanislav Ivanovich)</subfield><subfield code="2">LCNAMES</subfield><subfield code="0">41-LIBRARY_OF_CONGRESS-n  81059819</subfield><subfield code="9">Y</subfield></datafield><datafield tag="245" ind1="1" ind2="0"><subfield code="a">Pereslavl-Zalessky /</subfield><subfield code="c">S. Maslenitsyn.</subfield></datafield><datafield tag="264" ind1=" " ind2="1"><subfield code="a">Leningrad :</subfield><subfield code="b">Aurora Art Publishers,</subfield><subfield code="c">[1975]</subfield></datafield><datafield tag="264" ind1=" " ind2="4"><subfield code="c">[©1975]</subfield></datafield><datafield tag="300" ind1=" " ind2=" "><subfield code="a">140 pages, 2 unnumbered pages :</subfield><subfield code="b">illustrations (some color) ;</subfield><subfield code="c">29 cm.</subfield></datafield><datafield tag="336" ind1=" " ind2=" "><subfield code="a">text</subfield><subfield code="b">txt</subfield><subfield code="2">rdacontent</subfield></datafield><datafield tag="337" ind1=" " ind2=" "><subfield code="a">unmediated</subfield><subfield code="b">n</subfield><subfield code="2">rdamedia</subfield></datafield><datafield tag="338" ind1=" " ind2=" "><subfield code="a">volume</subfield><subfield code="b">nc</subfield><subfield code="2">rdacarrier</subfield></datafield><datafield tag="490" ind1="1" ind2=" "><subfield code="a">Museum cities</subfield></datafield><datafield tag="504" ind1=" " ind2=" "><subfield code="a">Bibliography: page [142]</subfield></datafield><datafield tag="650" ind1=" " ind2="0"><subfield code="a">Art, Russian</subfield><subfield code="z">Russia (Federation)</subfield><subfield code="z">Pereslavlʹ-Zalesskiĭ.</subfield></datafield><datafield tag="650" ind1=" " ind2="0"><subfield code="a">Monuments</subfield><subfield code="z">Russia (Federation)</subfield><subfield code="z">Pereslavlʹ-Zalesskiĭ.</subfield></datafield><datafield tag="830" ind1=" " ind2="0"><subfield code="a">Museum cities.</subfield><subfield code="2">LCNAMES</subfield><subfield code="0">41-LIBRARY_OF_CONGRESS-no2001020931</subfield><subfield code="9">Y</subfield></datafield><datafield tag="997" ind1=" " ind2=" "><subfield code="a">MARCIVE</subfield></datafield><datafield tag="100" ind1="1" ind2=" "><subfield code="w">nnea</subfield><subfield code="a">Maslenit︠s︡yn, Stanislav Ivanovich</subfield><subfield code="2">LCNAMES</subfield><subfield code="0">41-LIBRARY_OF_CONGRESS-n  81059819</subfield><subfield code="9">N</subfield></datafield><datafield tag="100" ind1="1" ind2=" "><subfield code="a">Maslenitsin, S. I.</subfield><subfield code="2">LCNAMES</subfield><subfield code="0">41-LIBRARY_OF_CONGRESS-n  81059819</subfield><subfield code="9">N</subfield></datafield><datafield tag="100" ind1="1" ind2=" "><subfield code="a">Maslenit︠s︡yn, S.</subfield><subfield code="q">(Stanislav)</subfield><subfield code="2">LCNAMES</subfield><subfield code="0">41-LIBRARY_OF_CONGRESS-n  81059819</subfield><subfield code="9">N</subfield></datafield><datafield tag="100" ind1="1" ind2=" "><subfield code="a">Maslenizyn, Stanislaw</subfield><subfield code="2">LCNAMES</subfield><subfield code="0">41-LIBRARY_OF_CONGRESS-n  81059819</subfield><subfield code="9">N</subfield></datafield><datafield tag="INST" ind1=" " ind2=" "><subfield code="a">01UWI_NETWORK</subfield><subfield code="b">P</subfield><subfield code="c">71276601570002121</subfield></datafield><datafield tag="INST" ind1=" " ind2=" "><subfield code="a">01UWI_MAD</subfield><subfield code="b">P</subfield><subfield code="c">21481432450002122</subfield></datafield><datafield tag="INST" ind1=" " ind2=" "><subfield code="a">01UWI_ML</subfield><subfield code="b">P</subfield><subfield code="c">21211279750002124</subfield></datafield><datafield tag="AVA" ind1=" " ind2=" "><subfield code="0">992852513602122</subfield><subfield code="8">22854728680002122</subfield><subfield code="a">01UWI_MAD</subfield><subfield code="b">REMOTE</subfield><subfield code="c">by request only</subfield><subfield code="d">N6997 P4 M37</subfield><subfield code="e">available</subfield><subfield code="f">1</subfield><subfield code="g">0</subfield><subfield code="j">vsf</subfield><subfield code="k">0</subfield><subfield code="p">1</subfield><subfield code="q">Verona Shelving Facility</subfield></datafield><datafield tag="AVA" ind1=" " ind2=" "><subfield code="0">99874733402124</subfield><subfield code="8">22211279740002124</subfield><subfield code="a">01UWI_ML</subfield><subfield code="b">MIL</subfield><subfield code="c">Stacks</subfield><subfield code="d">N6997 P4 M37</subfield><subfield code="e">available</subfield><subfield code="f">1</subfield><subfield code="g">0</subfield><subfield code="j">stk</subfield><subfield code="k">0</subfield><subfield code="p">1</subfield><subfield code="q">UW Milwaukee</subfield></datafield><datafield tag="MMS" ind1=" " ind2=" "><subfield code="b">999494587902121</subfield><subfield code="a">01UWI_NETWORK</subfield></datafield><datafield tag="MMS" ind1=" " ind2=" "><subfield code="b">992852513602122</subfield><subfield code="a">01UWI_MAD</subfield></datafield><datafield tag="MMS" ind1=" " ind2=" "><subfield code="b">99874733402124</subfield><subfield code="a">01UWI_ML</subfield></datafield></record>
</metadata>
</record>
</ListRecords>
</OAI-PMH>